% This file was created with JabRef 2.10b2.
% Encoding: UTF-8


@Article{artan2010prostate,
  Title                    = {Prostate cancer localization with multispectral MRI using cost-sensitive support vector machines and conditional random fields},
  Author                   = {Artan, Yusuf and Haider, Masoom and Langer, Deanna L and van der Kwast, Theodorus H and Evans, Andrew J and Yang, Yongyi and Wernick, Miles N and Trachtenberg, John and Yetik, Imam Samil and others},
  Journal                  = {Image Processing, IEEE Transactions on},
  Year                     = {2010},
  Number                   = {9},
  Pages                    = {2444--2455},
  Volume                   = {19},

  Publisher                = {IEEE}
}

@InProceedings{artan2009prostate,
  Title                    = {Prostate cancer segmentation with multispectral MRI using cost-sensitive conditional random fields},
  Author                   = {Artan, Yusuf and Langer, Deanna L and Haider, Masoom A and van der Kwast, Theodorus H and Evans, Andrew J and Wernick, Miles N and Yetik, Imam Samil},
  Booktitle                = {Biomedical Imaging: From Nano to Macro, 2009. ISBI'09. IEEE International Symposium on},
  Year                     = {2009},
  Organization             = {IEEE},
  Pages                    = {278--281}
}

@Article{ferlay2010estimates,
  Title                    = {Estimates of worldwide burden of cancer in 2008: GLOBOCAN 2008},
  Author                   = {Ferlay, Jacques and Shin, Hai-Rim and Bray, Freddie and Forman, David and Mathers, Colin and Parkin, Donald Maxwell},
  Journal                  = {International journal of cancer},
  Year                     = {2010},
  Number                   = {12},
  Pages                    = {2893--2917},
  Volume                   = {127},

  Publisher                = {Wiley Online Library}
}

@InProceedings{lemaitre2015boosting,
  Title                    = {A boosting approach for prostate cancer detection using multi-parametric MRI},
  Author                   = {Lemaitre, Guillaume and Massich, Joan and Mart{\'\i}, Robert and Freixenet, Jordi and Vilanova, Joan C and Walker, Paul M and Sidib{\'e}, D{\'e}sir{\'e} and M{\'e}riaudeau, Fabrice},
  Booktitle                = {The International Conference on Quality Control by Artificial Vision 2015},
  Year                     = {2015},
  Organization             = {International Society for Optics and Photonics},
  Pages                    = {95340A--95340A}
}

@Article{lv2009computerized,
  Title                    = {Computerized characterization of prostate cancer by fractal analysis in MR images},
  Author                   = {Lv, Dongjiao and Guo, Xuemei and Wang, Xiaoying and Zhang, Jue and Fang, Jing},
  Journal                  = {Journal of magnetic resonance imaging},
  Year                     = {2009},
  Number                   = {1},
  Pages                    = {161--168},
  Volume                   = {30},

  Publisher                = {Wiley Online Library}
}

@Article{mcneal1981zonal,
  Title                    = {The zonal anatomy of the prostate},
  Author                   = {McNeal, John E},
  Journal                  = {The Prostate},
  Year                     = {1981},
  Number                   = {1},
  Pages                    = {35--49},
  Volume                   = {2},

  Publisher                = {Wiley Online Library}
}

@inproceedings{ozer2009prostate,
  title={Prostate cancer localization with multispectral MRI based on relevance vector machines},
  author={Ozer, Sedat and Haider, Masoom A and Langer, Deanna L and van der Kwast, Theodorus H and Evans, Andrew J and Wernick, Miles N and Trachtenberg, John and Yetik, Imam Samil},
  booktitle={Biomedical Imaging: From Nano to Macro, 2009. ISBI'09. IEEE International Symposium on},
  pages={73--76},
  year={2009},
  organization={IEEE}
}

@Article{ozer2010supervised,
  Title                    = {Supervised and unsupervised methods for prostate cancer segmentation with multispectral MRI},
  Author                   = {Ozer, Sedat and Langer, Deanna L and Liu, Xin and Haider, Masoom A and van der Kwast, Theodorus H and Evans, Andrew J and Yang, Yongyi and Wernick, Miles N and Yetik, Imam S},
  Journal                  = {Medical physics},
  Year                     = {2010},
  Number                   = {4},
  Pages                    = {1873--1883},
  Volume                   = {37},

  Publisher                = {American Association of Physicists in Medicine}
}

@Other{CancerFactsFigures2014,
  Title                    = {Cancer facts \& figures 2014},
  Author                   = {American Cancer Society},
  Owner                    = {mojdeh},
  Timestamp                = {2014.11.06},
  Url                      = {http://www.cancer.org/research/cancerfactsstatistics/cancerfactsfigures2014},
  Year                     = {2014}
}

@Article{viswanath2012central,
  Title                    = {Central gland and peripheral zone prostate tumors have significantly different quantitative imaging signatures on 3 tesla endorectal, in vivo T2-weighted MR imagery},
  Author                   = {Viswanath, Satish E and Bloch, Nicholas B and Chappelow, Jonathan C and Toth, Robert and Rofsky, Neil M and Genega, Elizabeth M and Lenkinski, Robert E and Madabhushi, Anant},
  Journal                  = {Journal of Magnetic Resonance Imaging},
  Year                     = {2012},
  Number                   = {1},
  Pages                    = {213--224},
  Volume                   = {36},

  Publisher                = {Wiley Online Library}
}

@article{bernstein1989improved,
   author = "Bernstein, M. A. and Thomasson, David M. and Perman, William H.",
   title = "Improved detectability in low signal-to-noise ratio magnetic resonance images by means of a phase‚Äêcorrected real reconstruction",
   journal = "Medical Physics",
   year = "1989",
   volume = "16",
   number = "5",
   pages = "813-817",
   url = "http://scitation.aip.org/content/aapm/journal/medphys/16/5/10.1118/1.596304",
   doi = "http://dx.doi.org/10.1118/1.596304"
}

@Article{Lemaitre2015,
  Title                    = {Computer-Aided Detection and diagnosis for prostate cancer based on mono and multi-parametric MRI: A review },
  Author                   = {Guillaume Lema\^itre and Robert Mart\'i and Jordi Freixenet and Joan C. Vilanova and Paul M. Walker and Fabrice M\'eriaudeau},
  Journal                  = {Computers in Biology and Medicine },
  Year                     = {2015},
  Pages                    = {8 - 31},
  Volume                   = {60},
}

@article{nyul2000new,
  title={New variants of a method of MRI scale standardization},
  author={Ny{\'u}l, L{\'a}szl{\'o} G and Udupa, Jayaram K and Zhang, Xuan},
  journal={Medical Imaging, IEEE Transactions on},
  volume={19},
  number={2},
  pages={143--150},
  year={2000},
  publisher={IEEE}
}

@comment{jabref-meta: selector_publisher:}

@comment{jabref-meta: selector_author:}

@comment{jabref-meta: selector_journal:}

@comment{jabref-meta: selector_keywords:}

